<?xml version="1.0" encoding="UTF-8"?><collection xmlns="http://www.loc.gov/MARC21/slim"><record><leader>00507nam--2200193-u-4500</leader><controlfield tag="001">000055866</controlfield><controlfield tag="002">20161230</controlfield><controlfield tag="005">20161230201052</controlfield><controlfield tag="008">130812s1000------------r-----000-0-rus-d</controlfield><datafield ind1=" " ind2=" " tag="040"><subfield code="a">IFIN-HH</subfield></datafield><datafield ind1=" " ind2=" " tag="041"><subfield code="a">rus</subfield></datafield><datafield ind1=" " ind2=" " tag="080"><subfield code="a">519.5(075.8)</subfield></datafield><datafield ind1="1" ind2=" " tag="100"><subfield code="a">Kolmogorov,A.N.(red.)</subfield></datafield><datafield ind1="1" ind2="0" tag="245"><subfield code="a">Elementi teorii funktii i funktionalnogo analiza</subfield><subfield code="c">A.n. kolmogorov, s.v. fomin</subfield></datafield><datafield ind1=" " ind2=" " tag="260"><subfield code="a">Moskva</subfield><subfield code="b">Nauka</subfield><subfield code="c">1972</subfield></datafield><datafield ind1=" " ind2=" " tag="300"><subfield code="a">496P</subfield></datafield><datafield ind1="1" ind2=" " tag="700"><subfield code="a">Fomin, S.V</subfield></datafield><datafield ind1=" " ind2=" " tag="852"><subfield code="a">37051</subfield><subfield code="c">519.4/5</subfield></datafield><datafield ind1=" " ind2=" " tag="CAT"><subfield code="a">Sys</subfield><subfield code="c">20130812</subfield><subfield code="h">175126</subfield></datafield></record></collection>